@book{DatabaseTaA,
title = {Databases Theory and Applications},
series = {Lecture Notes in Computer Science},
author = {Wang, Hua},
editor = {Sharaf, Mohamed A. [Hrsg.]},
address = {Cham},
publisher = {Springer},
year = 2014,
isbn = {978-331-90860-8-8},
size = {Online-Ressource (XXIV, 231 p. 76 illus, online resource)},
keywords = { ; Computer science / Computer software / Database management / Data mining / Computer Science}
},

@book{rupDatenbanken,
title = {Relationale und postrelationale Datenbanken},
series = {eXamen.pressSpringerLink},
author = {Meier, Andreas},
address = {Berlin, Heidelberg},
publisher = {Springer Berlin Heidelberg},
volume = 7,
year = 2010,
isbn = {978-3-642-05256-9},
size = {Online-Ressource (X, 280S, digital)},
keywords = {Relationales Datenbanksystem ; Computer science / Software engineering / Database management / Economics / Management information systems / Computer Science}
},
	
@paper{dbenginesranking,
title = {DB-Engines Ranking},
year = 2015,
howpublished = "\url{http://db-engines.com/de/ranking}",
note = "[Online; accessed 19-March-2015]"
},

@paper{ethdistribsystems,
autor = {Friedmann Mattern},
title = {Verteilte Systeme},
year = 2014,
publisher = {ETH Zürich},
howpublished = "\url{https://www.vs.inf.ethz.ch/edu/HS2014/VS/slides/VS-Vorl14-all.pdf}",
note = "[Online, accessed 19-March-2015]"
},

@paper{ethdistribalgo,
autor = {Friedmann Mattern},
title = {Verteilte Algorithmen},
year = 2014,
publisher = {ETH Zürich},
howpublished = "\url{https://www.vs.inf.ethz.ch/edu/HS2014/VA/Vorl.vert.algo12-All.pdf}",
note = "[Online, accessed 19-March-2015]"
},

@paper{mysqlhandbook,
title = {MySQL 5.6 Reference Manual},
year = 2014,
howpublished = "\url{http://dev.mysql.com/doc/refman/5.6/en/}",
note = "[Online, accessed 19-Marc-2015]"
},

@paper{monbodbhandbook,
title = {MongoDB Manual, 3.0},
year = 2014,
howpublished = "\url{http://docs.mongodb.org/manual/}",
note = "[Online, accessed 19-Marc-2015]"
},

@paper{restdissertation,
author = {Roy Thomas Fielding},
title = {Architectural Styles and the Design of Network-based Software Architectures},
year = 2000,
howpublished = "\url{http://www.ics.uci.edu/~fielding/pubs/dissertation/fielding_dissertation.pdf}",
note = "[Online, accessed 19-Marc-2015]"
},

@book{SWB-327013990,
title = {Replication: Theory and Practice},
series = {Lecture Notes in Computer Science},
author = {Charron-Bost, Bernadette},
editor = {Pedone, Fernando and Schiper, André},
address = {Berlin, Heidelberg},
publisher = {Springer Berlin Heidelberg},
year = 2010,
isbn = {978-3-642-11294-2},
size = {Online-Ressource (XV, 290p. 79 illus, digital)},
keywords = {Datenreplikation / Datenbanksystem / Aufsatzsammlung ; Datenreplikation / Verteiltes System / Aufsatzsammlung ; Computer science / Data encryption (Computer science) / Computer software / Information systems / Database management / Computer Science}
},

@paper{block-chain,
title = {Bitcoin: A Peer-to-Peer Electronic Cash System},
author = {Satoshi Nakamoto},
year = 2009,
howpublished = "\url{https://bitcoin.org/bitcoin.pdf}"
},

@paper{cw-mobiletrends,
title = {The hottest trend in mobile: going offline!},
author= {Mike Elgan},
year = 2014,
howpublished = "\url{http://www.computerworld.com/article/2489829/mobile-wireless/the-hottest-trend-in-mobile--going-offline-.html}",
note = "[Online, accessed 13-Januar-2015]"
},
@paper{comescore-mobiletrends,
title = {Major Mobile Milestones in May: Apps Now Drive Half of All Time Spent on Digital},
author= {Andrew Lipsman},
year = 2014,
howpublished = "\url{http://www.comscore.com/Insights/Blog/Major-Mobile-Milestones-in-May-Apps-Now-Drive-Half-of-All-Time-Spent-on-Digital}",
note = "[Online, accessed 13-Januar-2015]"
}